<?xml version="1.0" encoding="UTF-8"?>
<record>
  <leader>02560nas a2200529#c 4500</leader>
  <controlfield tag="005">20221031151320.0</controlfield>
  <controlfield tag="007">cr||||||||||||</controlfield>
  <controlfield tag="008">110210d20022004gw u||p|o ||| 0||||1ger c</controlfield>
  <controlfield tag="003">DE-605</controlfield>
  <controlfield tag="001">990184127410206441</controlfield>
  <datafield tag="016" ind1="7" ind2=" ">
    <subfield code="a">2594002-8</subfield>
    <subfield code="2">DE-600</subfield>
  </datafield>
  <datafield tag="016" ind1="7" ind2=" ">
    <subfield code="a">1009982311</subfield>
    <subfield code="2">DE-101</subfield>
  </datafield>
  <datafield tag="024" ind1="7" ind2=" ">
    <subfield code="2">urn</subfield>
    <subfield code="a">urn:nbn:de:hbz:061:3-3091</subfield>
  </datafield>
  <datafield tag="035" ind1=" " ind2=" ">
    <subfield code="a">(DE-599)ZDB2594002-8</subfield>
  </datafield>
  <datafield tag="035" ind1=" " ind2=" ">
    <subfield code="a">(OCoLC)1184284280</subfield>
  </datafield>
  <datafield tag="035" ind1=" " ind2=" ">
    <subfield code="a">(DE-600)2594002-8</subfield>
  </datafield>
  <datafield tag="035" ind1=" " ind2=" ">
    <subfield code="a">(DE-101)1009982311</subfield>
  </datafield>
  <datafield tag="040" ind1=" " ind2=" ">
    <subfield code="a">0061</subfield>
    <subfield code="b">ger</subfield>
    <subfield code="c">DE-101</subfield>
    <subfield code="d">9001</subfield>
  </datafield>
  <datafield tag="041" ind1=" " ind2=" ">
    <subfield code="a">ger</subfield>
  </datafield>
  <datafield tag="044" ind1=" " ind2=" ">
    <subfield code="c">XA-DE</subfield>
  </datafield>
  <datafield tag="084" ind1=" " ind2=" ">
    <subfield code="a">Düsseldorf</subfield>
    <subfield code="0">https://nwbib.de/spatial#Q1718</subfield>
    <subfield code="2">nwbib</subfield>
    <subfield code="0">https://portal.dnb.de/opac.htm?method=simpleSearch&amp;cqlMode=true&amp;query=idn=040132552</subfield>
    <subfield code="0">http://viaf.org/viaf/sourceID/DNB|040132552</subfield>
  </datafield>
  <datafield tag="084" ind1=" " ind2=" ">
    <subfield code="a">Wohnungswirtschaft</subfield>
    <subfield code="0">https://nwbib.de/subjects#N574060</subfield>
    <subfield code="2">nwbib</subfield>
  </datafield>
  <datafield tag="084" ind1=" " ind2=" ">
    <subfield code="a">300</subfield>
    <subfield code="q">DE-600</subfield>
    <subfield code="2">sdnb</subfield>
  </datafield>
  <datafield tag="245" ind1="0" ind2="0">
    <subfield code="a">Wohnungsmarktbericht</subfield>
    <subfield code="b">Fortschreibung mit Stand ...</subfield>
    <subfield code="c">Landeshauptstadt Düsseldorf, Der Oberbürgermeister, Amt für Wohnungswesen</subfield>
  </datafield>
  <datafield tag="264" ind1="3" ind2="1">
    <subfield code="a">Düsseldorf</subfield>
    <subfield code="b">Amt für Wohnungswesen</subfield>
    <subfield code="c">2002-2004</subfield>
  </datafield>
  <datafield tag="300" ind1=" " ind2=" ">
    <subfield code="a">Online-Ressource</subfield>
  </datafield>
  <datafield tag="336" ind1=" " ind2=" ">
    <subfield code="b">txt</subfield>
  </datafield>
  <datafield tag="337" ind1=" " ind2=" ">
    <subfield code="b">c</subfield>
  </datafield>
  <datafield tag="338" ind1=" " ind2=" ">
    <subfield code="b">cr</subfield>
  </datafield>
  <datafield tag="362" ind1="0" ind2=" ">
    <subfield code="a">2002=2001(2002) - 2004=2003(2004)</subfield>
  </datafield>
  <datafield tag="363" ind1="0" ind2="0">
    <subfield code="8">1.1\x</subfield>
    <subfield code="i">2002</subfield>
  </datafield>
  <datafield tag="363" ind1="1" ind2="0">
    <subfield code="8">1.2\x</subfield>
    <subfield code="i">2004</subfield>
  </datafield>
  <datafield tag="689" ind1="0" ind2="0">
    <subfield code="a">Düsseldorf</subfield>
    <subfield code="D">g</subfield>
    <subfield code="0">(DE-588)4013255-9</subfield>
    <subfield code="0">https://portal.dnb.de/opac.htm?method=simpleSearch&amp;cqlMode=true&amp;query=idn=040132552</subfield>
    <subfield code="0">http://viaf.org/viaf/sourceID/DNB|040132552</subfield>
    <subfield code="B">GND-040132552</subfield>
  </datafield>
  <datafield tag="689" ind1="0" ind2="1">
    <subfield code="a">Wohnungsmarkt</subfield>
    <subfield code="D">s</subfield>
    <subfield code="0">(DE-588)4066794-7</subfield>
    <subfield code="0">https://portal.dnb.de/opac.htm?method=simpleSearch&amp;cqlMode=true&amp;query=idn=040667944</subfield>
    <subfield code="0">http://viaf.org/viaf/sourceID/DNB|040667944</subfield>
    <subfield code="B">GND-040667944</subfield>
  </datafield>
  <datafield tag="689" ind1="0" ind2="2">
    <subfield code="a">Online-Publikation</subfield>
    <subfield code="A">f</subfield>
  </datafield>
  <datafield tag="689" ind1="0" ind2="3">
    <subfield code="a">Zeitschrift</subfield>
    <subfield code="A">f</subfield>
  </datafield>
  <datafield tag="689" ind1="0" ind2=" ">
    <subfield code="5">DE-61</subfield>
    <subfield code="5">DE-605</subfield>
  </datafield>
  <datafield tag="960" ind1="1" ind2=" ">
    <subfield code="z">lzZDB</subfield>
  </datafield>
  <datafield tag="960" ind1="1" ind2=" ">
    <subfield code="n">NWBib-61</subfield>
  </datafield>
  <datafield tag="960" ind1="1" ind2=" ">
    <subfield code="r">epfl-61</subfield>
  </datafield>
  <datafield tag="856" ind1="4" ind2="0">
    <subfield code="u">https://nbn-resolving.org/urn:nbn:de:hbz:061:3-3091</subfield>
    <subfield code="x">Resolving-System</subfield>
  </datafield>
  <datafield tag="856" ind1="4" ind2=" ">
    <subfield code="u">http://www.duesseldorf.de/wohnen/veroeffentlichung/index.shtml</subfield>
    <subfield code="x">Verlag</subfield>
    <subfield code="z">kostenfrei</subfield>
  </datafield>
  <datafield tag="710" ind1="1" ind2=" ">
    <subfield code="a">Düsseldorf</subfield>
    <subfield code="b">Amt für Wohnungswesen</subfield>
    <subfield code="0">(DE-588)16031104-4</subfield>
    <subfield code="4">isb</subfield>
    <subfield code="0">https://portal.dnb.de/opac.htm?method=simpleSearch&amp;cqlMode=true&amp;query=idn=998141461</subfield>
    <subfield code="0">http://viaf.org/viaf/sourceID/DNB|998141461</subfield>
    <subfield code="B">GND-998141461</subfield>
  </datafield>
  <datafield tag="780" ind1="0" ind2="0">
    <subfield code="i">Druckausg. u. Vorg.</subfield>
    <subfield code="t">Wohnungsmarktbericht</subfield>
    <subfield code="d">Düsseldorf : Amt für Wohnungswesen, 2001-2003</subfield>
    <subfield code="w">(DE-600)2568547-8</subfield>
  </datafield>
  <datafield tag="785" ind1="0" ind2="0">
    <subfield code="i">Forts.:</subfield>
    <subfield code="t">Wohnungsmarkt Düsseldorf</subfield>
    <subfield code="d">Düsseldorf : Amt für Wohnungswesen, 2005-[2014?]</subfield>
    <subfield code="h">Online-Ressource</subfield>
    <subfield code="w">(DE-600)2594008-9</subfield>
  </datafield>
  <datafield tag="655" ind1=" " ind2="7">
    <subfield code="a">Zeitschrift</subfield>
    <subfield code="0">(DE-588)4067488-5</subfield>
    <subfield code="2">gnd-content</subfield>
  </datafield>
  <datafield tag="MBD" ind1=" " ind2=" ">
    <subfield code="M">49HBZ_NETWORK</subfield>
    <subfield code="i">990184127410206441</subfield>
    <subfield code="n">HBZ Network</subfield>
  </datafield>
  <datafield tag="MNG" ind1=" " ind2=" ">
    <subfield code="c">System</subfield>
    <subfield code="f">ZDB</subfield>
    <subfield code="i">marc21</subfield>
    <subfield code="h">20221031151320.0</subfield>
    <subfield code="k">01</subfield>
    <subfield code="e">false</subfield>
    <subfield code="d">2023-04-22 19:36:14 Europe/Berlin</subfield>
    <subfield code="g">018412741-HBZ01</subfield>
    <subfield code="j">90</subfield>
    <subfield code="a">import</subfield>
    <subfield code="b">2021-04-05 19:51:07 Europe/Berlin</subfield>
  </datafield>
  <datafield tag="POR" ind1=" " ind2=" ">
    <subfield code="j">E-Pflicht VL</subfield>
    <subfield code="x">System</subfield>
    <subfield code="a">53738793900006441</subfield>
    <subfield code="M">49HBZ_NETWORK</subfield>
    <subfield code="p">61737809920006441</subfield>
    <subfield code="q">E-Pflicht - E-Pflicht ULB Düsseldorf (epfl-61)</subfield>
    <subfield code="c">static</subfield>
    <subfield code="B">Selektionskennzeichen: epfl-61
NZ Phase 1 – Wave 1: NZ-P2E</subfield>
    <subfield code="A">49HBZ_DUE</subfield>
    <subfield code="A">49HBZ_ULB</subfield>
    <subfield code="A">49HBZ_UBO</subfield>
    <subfield code="y">2021-04-16 10:50:08 Europe/Berlin</subfield>
    <subfield code="w">2021-04-16 10:50:02 Europe/Berlin</subfield>
    <subfield code="D">https://eu04.alma.exlibrisgroup.com/view/uresolver/49HBZ_NETWORK/openurl?u.ignore_date_coverage=true&amp;portfolio_pid=53738793900006441&amp;Force_direct=true</subfield>
    <subfield code="v">System</subfield>
    <subfield code="z">2021-04-16 08:50:02</subfield>
    <subfield code="i">false</subfield>
    <subfield code="S">62737809910006441</subfield>
    <subfield code="d">https://hbz-network.userservices.exlibrisgroup.com/view/uresolver/49HBZ_NETWORK/openurl?u.ignore_date_coverage=true&amp;rft.mms_id=990184127410206441</subfield>
    <subfield code="b">Available</subfield>
    <subfield code="f">BOOK</subfield>
    <subfield code="e">http://www.duesseldorf.de/wohnen/veroeffentlichung/index.shtml</subfield>
    <subfield code="8">53738793900006441</subfield>
  </datafield>
  <datafield tag="POR" ind1=" " ind2=" ">
    <subfield code="j">E-Pflicht VL</subfield>
    <subfield code="x">System</subfield>
    <subfield code="a">53738793940006441</subfield>
    <subfield code="M">49HBZ_NETWORK</subfield>
    <subfield code="p">61737809920006441</subfield>
    <subfield code="q">E-Pflicht - E-Pflicht ULB Düsseldorf (epfl-61)</subfield>
    <subfield code="c">static</subfield>
    <subfield code="B">Selektionskennzeichen: epfl-61
NZ Phase 1 – Wave 1: NZ-P2E</subfield>
    <subfield code="A">49HBZ_DUE</subfield>
    <subfield code="A">49HBZ_ULB</subfield>
    <subfield code="A">49HBZ_UBO</subfield>
    <subfield code="y">2021-04-16 10:50:08 Europe/Berlin</subfield>
    <subfield code="w">2021-04-16 10:50:02 Europe/Berlin</subfield>
    <subfield code="D">https://eu04.alma.exlibrisgroup.com/view/uresolver/49HBZ_NETWORK/openurl?u.ignore_date_coverage=true&amp;portfolio_pid=53738793940006441&amp;Force_direct=true</subfield>
    <subfield code="v">System</subfield>
    <subfield code="z">2021-04-16 08:50:02</subfield>
    <subfield code="i">false</subfield>
    <subfield code="S">62737809910006441</subfield>
    <subfield code="d">https://hbz-network.userservices.exlibrisgroup.com/view/uresolver/49HBZ_NETWORK/openurl?u.ignore_date_coverage=true&amp;rft.mms_id=990184127410206441</subfield>
    <subfield code="b">Available</subfield>
    <subfield code="f">BOOK</subfield>
    <subfield code="e">http://nbn-resolving.de/urn:nbn:de:hbz:061:3-3091</subfield>
    <subfield code="8">53738793940006441</subfield>
  </datafield>
  <datafield tag="POR" ind1=" " ind2=" ">
    <subfield code="j">LIzenzfreie Zeitschriften</subfield>
    <subfield code="x">System</subfield>
    <subfield code="a">53804344220006441</subfield>
    <subfield code="M">49HBZ_NETWORK</subfield>
    <subfield code="p">61738769100006441</subfield>
    <subfield code="q">Lizenzfreie Zeitschriften - Lizenzfreie E-Ressourcen der ZDB (lzzdb)</subfield>
    <subfield code="c">static</subfield>
    <subfield code="B">Selektionskennzeichen: lzzdb
NZ Phase 1 – Wave 1: NZ-P2E</subfield>
    <subfield code="A">49HBZ_DUE</subfield>
    <subfield code="A">49HBZ_ULB</subfield>
    <subfield code="A">49HBZ_UDE</subfield>
    <subfield code="A">49HBZ_UBK</subfield>
    <subfield code="y">2022-12-27 14:52:01 Europe/Berlin</subfield>
    <subfield code="w">2022-12-27 14:51:57 Europe/Berlin</subfield>
    <subfield code="D">https://eu04.alma.exlibrisgroup.com/view/uresolver/49HBZ_NETWORK/openurl?u.ignore_date_coverage=true&amp;portfolio_pid=53804344220006441&amp;Force_direct=true</subfield>
    <subfield code="v">System</subfield>
    <subfield code="z">2022-12-27 13:51:57</subfield>
    <subfield code="i">false</subfield>
    <subfield code="S">62738769090006441</subfield>
    <subfield code="d">https://hbz-network.userservices.exlibrisgroup.com/view/uresolver/49HBZ_NETWORK/openurl?u.ignore_date_coverage=true&amp;rft.mms_id=990184127410206441</subfield>
    <subfield code="b">Available</subfield>
    <subfield code="f">JOURNAL</subfield>
    <subfield code="e">http://www.duesseldorf.de/wohnen/veroeffentlichung/index.shtml</subfield>
    <subfield code="8">53804344220006441</subfield>
  </datafield>
  <datafield tag="GSI" ind1="7" ind2=" ">
    <subfield code="a">4013255-9</subfield>
    <subfield code="0">http://d-nb.info/gnd/4013255-9</subfield>
    <subfield code="2">gnd</subfield>
    <subfield code="A">GND</subfield>
    <subfield code="B">GND-040132552</subfield>
    <subfield code="C">024</subfield>
  </datafield>
  <datafield tag="GSI" ind1="7" ind2=" ">
    <subfield code="a">2934246</subfield>
    <subfield code="2">geonames</subfield>
    <subfield code="A">GND</subfield>
    <subfield code="B">GND-040132552</subfield>
    <subfield code="C">024</subfield>
  </datafield>
  <datafield tag="GGN" ind1=" " ind2=" ">
    <subfield code="a">Dusseldorf</subfield>
    <subfield code="A">GND</subfield>
    <subfield code="B">GND-040132552</subfield>
    <subfield code="C">451</subfield>
  </datafield>
  <datafield tag="GGN" ind1=" " ind2=" ">
    <subfield code="a">Djussel'dorf</subfield>
    <subfield code="A">GND</subfield>
    <subfield code="B">GND-040132552</subfield>
    <subfield code="C">451</subfield>
  </datafield>
  <datafield tag="GGN" ind1=" " ind2=" ">
    <subfield code="a">Dyusserudorufu</subfield>
    <subfield code="A">GND</subfield>
    <subfield code="B">GND-040132552</subfield>
    <subfield code="C">451</subfield>
  </datafield>
  <datafield tag="GGN" ind1=" " ind2=" ">
    <subfield code="a">Duseerduofu</subfield>
    <subfield code="A">GND</subfield>
    <subfield code="B">GND-040132552</subfield>
    <subfield code="C">451</subfield>
  </datafield>
  <datafield tag="GGN" ind1=" " ind2=" ">
    <subfield code="a">Düsselopagum</subfield>
    <subfield code="A">GND</subfield>
    <subfield code="B">GND-040132552</subfield>
    <subfield code="C">451</subfield>
  </datafield>
  <datafield tag="GGN" ind1=" " ind2=" ">
    <subfield code="a">Stadtgemeinde Düsseldorf</subfield>
    <subfield code="A">GND</subfield>
    <subfield code="B">GND-040132552</subfield>
    <subfield code="C">451</subfield>
  </datafield>
  <datafield tag="GGN" ind1=" " ind2=" ">
    <subfield code="a">Landeshauptstadt Düsseldorf</subfield>
    <subfield code="A">GND</subfield>
    <subfield code="B">GND-040132552</subfield>
    <subfield code="C">451</subfield>
  </datafield>
  <datafield tag="GGN" ind1=" " ind2=" ">
    <subfield code="a">Stadt Düsseldorf</subfield>
    <subfield code="A">GND</subfield>
    <subfield code="B">GND-040132552</subfield>
    <subfield code="C">451</subfield>
  </datafield>
  <datafield tag="GSI" ind1="7" ind2=" ">
    <subfield code="a">4066794-7</subfield>
    <subfield code="0">http://d-nb.info/gnd/4066794-7</subfield>
    <subfield code="2">gnd</subfield>
    <subfield code="A">GND</subfield>
    <subfield code="B">GND-040667944</subfield>
    <subfield code="C">024</subfield>
  </datafield>
  <datafield tag="GKT" ind1="2" ind2=" ">
    <subfield code="a">Amt für Wohnungswesen</subfield>
    <subfield code="g">Düsseldorf</subfield>
    <subfield code="A">GND</subfield>
    <subfield code="B">GND-998141461</subfield>
    <subfield code="C">410</subfield>
  </datafield>
  <datafield tag="GKT" ind1="1" ind2=" ">
    <subfield code="a">Düsseldorf</subfield>
    <subfield code="b">Wohnungsamt</subfield>
    <subfield code="A">GND</subfield>
    <subfield code="B">GND-998141461</subfield>
    <subfield code="C">410</subfield>
  </datafield>
  <datafield tag="GKT" ind1="2" ind2=" ">
    <subfield code="a">Wohnungsamt</subfield>
    <subfield code="g">Düsseldorf</subfield>
    <subfield code="A">GND</subfield>
    <subfield code="B">GND-998141461</subfield>
    <subfield code="C">410</subfield>
  </datafield>
  <datafield tag="GSI" ind1="7" ind2=" ">
    <subfield code="a">http://d-nb.info/gnd/16031104-4</subfield>
    <subfield code="2">uri</subfield>
    <subfield code="A">GND</subfield>
    <subfield code="B">GND-998141461</subfield>
    <subfield code="C">024</subfield>
  </datafield>
</record>
